

@ARTICLE{noginov2009,
author={Noginov, M. and Zhu, G. and Belgrave, A. and Bakker, R. and
Shalaev, V. and Narimanov, E. and Stout, S. and Herz, E. and
Suteewong, T. and Wiesner, U.},
journal={Nature}, 
title={Demonstration of a spaser-based nanolaser}, 
year={2009},
volume={460},
number={7259},
pages={1110-1112},
doi={10.1038/nature08318}}

 
@ARTICLE{smotrova2011,
author={E. I. {Smotrova} and V. O. {Byelobrov} and T. M. {Benson} and J. {Čtyroký} and R. {Sauleau} and A. I. {Nosich}},
journal={IEEE Journal of Quantum Electronics}, 
title={Optical Theorem Helps Understand Thresholds of Lasing in Microcavities With Active Regions}, 
year={2011},
volume={47},
number={1},
pages={20-30},
doi={10.1109/JQE.2010.2055836}}
 
 
@article{ardakani2020,
doi = {10.24200/sci.2019.50322.1635},
year = {2020},
volume = {27},
number = {6},
pages = {3084-3095 },
author = {Behjati Ardakani, S. and Faez, R.},
title = {Spaser based on graphene tube},
journal = {Sci. Iran. D},
}  
  

@article{rasskazov2019,
author = {Ilia L. Rasskazov and Alexander Moroz and P. Scott Carney},
journal = {J. Opt. Soc. Am. A},
number = {9},
pages = {1591--1601},
publisher = {OSA},
title = {Electromagnetic energy in multilayered spherical particles},
volume = {36},
year = {2019},
doi = {10.1364/JOSAA.36.001591},
}

@article{pan2017,
author = {Pan, Gui-Ming and Yang, Da-Jie and Zhou, Li and Hao, Zhong-Hua and Wang, Qu-Quan},
title = {Enhanced Second Harmonic Generation by Mode Matching in Gain-assisted Double-plasmonic Resonance Nanostructure.},
journal = {Sci Rep},
volume = {7},
pages = {9776},
year = {2017},
doi = {10.1038/s41598-017-10243-y},
}
@article{pan2018,
doi = {10.1088/1361-6463/aaad9d},
year = 2018,
volume = {51},
number = {11},
pages = {115104},
author = {Gui-Ming Pan and Da-Jie Yang and Li Zhou and Zhong-Hua Hao},
title = {Low-loss resonance modes in a gain-assisted plasmonic multimer},
journal = {Journal of Physics D: Applied Physics},
} 
@article{pan2019,
doi = {10.1088/1361-6528/ab0ea0},
year = {2019},
volume = {30},
pages = {265202},
author = {Gui-Ming Pan and Song Ma and Kai Chen and Hong Zhang and Li Zhou and Zhong-Hua Hao and Qu-Quan Wang},
title = {Pure magnetic-quadrupole scattering and efficient second-harmonic generation from plasmon-dielectric hybrid nano-antennas},
journal = {Nanotechnology},
}



@ARTICLE{krasnok2020,
  author={A. {Krasnok} and A. {Alù}},
  journal={Proceedings of the IEEE}, 
  title={Active Nanophotonics}, 
  year={2020},
  volume={108},
  number={5},
  pages={628-654},
  doi={10.1109/JPROC.2020.2985048}}


 
@article{amendola2017,
	doi = {10.1088/1361-648x/aa60f3},
	year = 2017,
	volume = {29},
	number = {20},
	pages = {203002},
	author = {Vincenzo Amendola and Roberto Pilot and Marco Frasconi and Onofrio M Marag{\`{o}} and Maria Antonia Iat{\`{\i}}},
	title = {Surface plasmon resonance in gold nanoparticles: a review},
	journal = {J. Phys. Condens. Matter}
} 
 
@article{liu2017,
author = {Liu, Bobo and Zhu, Weiren and Gunapala, Sarath D. and Stockman, Mark I. and Premaratne, Malin},
title = {Open Resonator Electric Spaser},
journal = {ACS Nano},
volume = {11},
pages = {12573-12582},
year = {2017},
doi = {10.1021/acsnano.7b06735},
}

 
@article{wang2020,
author = {Wang, Jian-Hua and Gao, Zhaoshuai and Song, Pei and Melentiev, Pavel N. and Wang, Xiao-Hong and Gao, He and Yang, Fan and Kang, Bin and Xu, Jing-Juan and Chen, Hong-Yuan},
title = {How Gain Layer Design Determines Performance of Nanoparticle-Based Spaser},
journal = {The Journal of Physical Chemistry C},
volume = {124},
number = {30},
pages = {16553-16560},
year = {2020},
doi = {10.1021/acs.jpcc.0c03680},
}




---------




 @ARTICLE{BergmanStockman2003,
   author       = {D. J. Bergman and M. I. Stockman}, 
   title = {Surface plasmon amplification by stimulated emission of radiation: quantum generation of coherent surface plasmons in nanosystems}, 
   volume       = {90},
   pages        = {027402},
   year         = {2003}, 
   journal      = {Phys. Rev.}, 
}

@ARTICLE{Rev1,
   author       = {M. I. Stockman},
   title        = {Spasers Explained},
   journal      = {Nat. Photonics},
   volume       = {2}, 
   pages        = {327-329},
   year         = {2008},
}

@ARTICLE{Rev2,
   author       = {D. Wang and W. Wang and M. P. Knudson and G. C. Schatz and T. W. Odom}, 
   title        = {Structural engineering in plasmon nanolasers}, 
   journal      = {Chem. Rev.}, 
   volume       = {118}, 
   pages        = {2865-2881}, 
   year         = {2017}, 
}

@ARTICLE{Rev3,
   author       = {S. I. Azzam and et al.}, 
   title        = {Ten years of spasers and plasmonic nanolasers}, 
   journal      = {Light: Science \& Applications}, 
   volume       = {9}, 
   pages        = {90}, 
   year         = {2020}, 
}

@ARTICLE{Rev4,
   author       = {N. Zheludev and S. Prosvirnin and N. Papasimakis and V. A. Fedotov}, 
   title        = {Lasing spaser}, 
   journal      = {Nature Photonics}, 
   volume       = {2}, 
   pages        = {351–354}, 
   year         = {2008}, 
}

@ARTICLE{Rev5,
   author       = {M. Moccia and G. Castaldi and  A. Alu and  V. Galdi}, 
   title        = {Harnessing Spectral Singularities in Non-
Hermitian Cylindrical Structures}, 
   journal      = {IEEE TRANSACTIONS ON ANTENNAS AND PROPAGATION}, 
   volume       = {68}, 
   pages        = {1704–1716}, 
   year         = {2020}, 
}

Massimo Moccia, Giuseppe Castaldi, Andrea Alù , Fellow, IEEE, and Vincenzo Galdi , Fellow, IEEE

@ARTICLE{infrared1,
   author       = {H. Lu and G. M. Carroll and N. R. Neale and M. C. Beard}, 
   title        = {Infrared Quantum Dots: Progress, Challenges, and Opportunities}, 
   journal      = {ACS Nano}, 
   volume       = {13}, 
   pages        = {939}, 
   year         = {2019}, 
}

@ARTICLE{spasergraf0,
   author       = {O. L. Berman and R. Y. Kezerashvili and Y. E. Lozovik},
   title        = {Graphene nanoribbon based spaser},
   journal      = {Phys. Rev. B}, 
   volume       = {88}, 
   pages        = {235424}, 
   year         = {2013}, 
}

@ARTICLE{spasergraf1,
   author       = {M. Premaratne and M. I. Stockman},
   title        = {Theory and technology of SPASERs},
   journal      = {Adv. Opt. Photon}, 
   volume       = {9}, 
   pages        = {79-128}, 
   year         = {2017}, 
}

@ARTICLE{spasergraf2,
   author       = {S. B. Ardakani and R. Faez}, 
   title        = {Tunable spherical graphene surface plasmon amplification by stimulated emission of radiation}, 
   journal      = {Nanophoton}, 
   volume       = {13}, 
   pages        = {026009}, 
   year         = {2019}, 
}

@ARTICLE{spasergraf3,
   author       = {M.  M. Tohari and A. Lyras and M. S. AlSalhi}, 
   title        = {A novel metal nanoparticles-graphene nanodisks-quantum dots hybrid-system-based spaser}, 
   journal      = {Nanomaterials}, 
   volume       = {10}, 
   pages        = {416}, 
   year         = {2020}, 
}

@ARTICLE{nanocristal1,
   author       = {Z. Liu and Y. Zhong and I. Shafei and S. Jeong and L. Wang and H. T. Nguyen and C. J. Sun and T. Li and J. Chen and L. Chen and Y. Losovyj and X. Gao and W. Ma and X. Ye}, 
   title        = {Broadband Tunable Mid–infrared Plasmon Resonances in Cadmium Oxide Nanocrystals Induced by Size–dependent Nonstoichiometry}, 
   journal      = {Nano Lett. 20}, 
   volume       = {4}, 
   pages        = {2821–2828}, 
   year         = {2020}, 
}

@ARTICLE{nanocristal2,
   author       = {P. West and S. Ishii and G. Naik and N. Emani and V. Shalaev and A. Boltasseva}, 
   title        = {Searching for better plasmonic materials}, 
   journal      = {Laser Photon Rev.}, 
   volume       = {4}, 
   pages        = {795–808}, 
   year         = {2010}, 
}

@ARTICLE{nanocristal3,
   author       = {M. C. Dalfovo and G. I. Lacconi and M. Moreno and M. C. Yappert and G. U. Sumanasekera and R. C. Salvarezza and F. J. Ibanez}, 
   title        = {Synergy between Graphene and Au Nanoparticles (Heterojunction) towards Quenching, Improving Raman Signal, and UV Light Sensing}, 
   journal      = {Acs Appl. Mater. Interfaces}, 
   volume       = {6}, 
   pages        = {6384–6391}, 
   year         = {2014}, 
}

@ARTICLE{maximo1,
   author       = "M. Riso and M. Cuevas and R. A. Depine", 
   title        = "Tunable plasmonic enhancement of light scattering and absorption in graphene coated subwavelength wires", 
   journal      = "Opt.", 
   volume       = "17", 
   pages        = "075001", 
   year         = "2015", 
}

@ARTICLE{CRD,
   author       = {M. Riso and M. Cuevas and R. A. Depine}, 
   title        = {Complex frequencies and field distributions of localized surface plasmon modes in graphene coated subwavelength wires},
   journal      = {Journal of Quantitative Spectroscopy and Radiative Transfer}, 
   volume       = {173}, 
   pages        = {26-33}, 
   year         = {2016}, 
}

@ARTICLE{nosich,
   author       = {M  Natarov and  T  M  Benson and  A  I  Nosich}, 
   title        = {Electromagnetic  analysis  of the lasing thresholds of hybrid plasmon modes of a silver tube nanolaser with active core and active shell}, 
   journal      = {Beilstein journal of nanotechnology},
   volume       = {10}, 
   pages        = {294–304}, 
   year         = {2019}, 
}


@ARTICLE{passarelli2019,
   author       = {N. Passarelli and R. Bustos-Mar\'un and R. Depine}, 
   title        = {Lasing Conditions of Transverse Electromagnetic Modes in Metallic-Coated Micro- and Nanotubes}, 
   journal      = {Phys. Chem. C}, 
   volume       = {123}, 
   pages        = {13015-13026}, 
   year         = {2019}, 
}

@article{arnold2015,
title = {Spasers with retardation and gain saturation: electrodynamic description of fields and optical cross-sections},
author = {Arnold, N. and Piglmayer, K. and Kildishev, A. V. and Klar, T. A.},
journal = {Opt. Mater. Express},
volume = {5},
pages = {2546--2577},
year = {2015},
doi = {10.1364/OME.5.002546},
}

@article{passarelli2016,
  title={Spaser and optical amplification conditions in gold-coated active nanoparticles},
  author={Passarelli, N. and Bustos-Mar{\'u}n, R. A. and Coronado, E. A},
  journal={Phys. Chem. C},
  volume={120},
  number={43},
  pages={24941--24949},
  year={2016},
  publisher={ACS Publications}
}


@ARTICLE{maier2006,
   author       = {S. A. Maier}, 
   title        = {Gain-assisted propagation of electromagnetic energy in subwavelength surface plasmon polariton gap waveguides}, 
   journal      = {Opt. Commun.}, 
   volume       = {258}, 
   pages        = {295-299}, 
   year         = {2006}, 
}



@ARTICLE{kubo1,
   author       = {L. A. Falkovsky}, 
   title        = {Optical properties of graphene and IV--VI semiconductors}, 
   journal      = {Physics Uspekhi}, 
   volume       = {51}, 
   pages        = {887-897}, 
   year         = {2008}, 
}

@BOOK{kubo2,
   author       = {R. A. Depine}, 
   year         = {2017},
   title        = {Graphene Optics: Electromagnetic solution of canonical problems}, 
   publisher    = {IOP Concise Physics.\ San Rafael, CA, USA: Morgan and Claypool Publishers}
}

@article{khurgin2021,
author = {Khurgin, Jacob B. and Noginov, Mikhail A.},
title = {How Do the {Purcell} Factor, the {Q}-Factor, and the Beta Factor Affect the Laser Threshold?},
journal = {Laser \& Photonics Reviews},
volume = {15},
number = {3},
pages = {2000250},
doi = {https://doi.org/10.1002/lpor.202000250},
year = {2021}
}
  
@article{khurgin2012,
author = {Jacob B. Khurgin and Greg Sun},
journal = {Opt. Express},
keywords = {Surface plasmons; Plasmonics; Diffraction limit; Purcell effect; Semiconductor lasers; Single mode lasers; Surface plasmon polaritons; Surface plasmons},
number = {14},
pages = {15309--15325},
publisher = {OSA},
title = {Injection pumped single mode surface plasmon generators: threshold, linewidth, and coherence},
volume = {20},
month = {Jul},
year = {2012},
url = {http://www.opticsexpress.org/abstract.cfm?URI=oe-20-14-15309},
doi = {10.1364/OE.20.015309},
}

@ARTICLE{nanocristal4,
   author       = {L. Wang, M. Hasanzadeh Kafshgari, M. Meunier}, 
   title        = {Optical Properties and Applications of Plasmonic-Metal Nanoparticles}, 
   journal      = {Adv. Funct. Mater.}, 
   volume       = {30}, 
   pages        = {2005400}, 
   year         = {2020}, 
   doi = {10.1002/adfm.202005400},
}
